<?xml version="1.0" encoding="UTF-8" ?>
<record Numero="14478906" format="InterXMarc_Complet" type="Authority">
<leader>00454c1 au22000272  45  <Pos Code="0004">00454</Pos>
<Pos Code="05" Sens="notice modifiée">c</Pos>
<Pos Code="06" Sens="notice validée en catalogage courant">1</Pos>
<Pos Code="08" Sens="notice d&apos;autorité">a</Pos>
<Pos Code="09" Sens="titre uniforme musical (TUM)">u</Pos>
<Pos Code="10">2</Pos>
<Pos Code="11">2</Pos>
<Pos Code="1216">00027</Pos>
<Pos Code="17" Sens="autres cas">2</Pos>
<Pos Code="20">4</Pos>
<Pos Code="21">5</Pos>
</leader>
<controlfield tag="001">FRBNF144789064<Pos Code="0001">FR</Pos>
<Pos Code="0204">BNF</Pos>
<Pos Code="0512">14478906</Pos>
<Pos Code="13">4</Pos>
</controlfield>
<controlfield tag="008">030617030618yy    zz        1982      1984                   1   <Pos Code="0001">03</Pos>
<Pos Code="0203">06</Pos>
<Pos Code="0405">17</Pos>
<Pos Code="0607">03</Pos>
<Pos Code="0809">06</Pos>
<Pos Code="1011">18</Pos>
<Pos Code="1213" Sens="ne s&apos;applique pas">yy</Pos>
<Pos Code="1820">zz </Pos>
<Pos Code="2831">1982</Pos>
<Pos Code="3841">1984</Pos>
<Pos Code="61" Sens="La vedette peut être liée à une notice bibliographique sauf pour l&apos;accès matière RAMEAU">1</Pos>
</controlfield>
<datafield tag="048" ind1=" " ind2=" ">
	<subfield code="a">zu15<Pos Code="0001" Sens="inconnu">zu</Pos>
<Pos Code="02">1</Pos>
<Pos Code="03">5</Pos>
</subfield>
</datafield>
<datafield tag="100" ind1=" " ind2=" ">
	<subfield code="3">13896236</subfield>
	<subfield code="w"> 0  b     </subfield>
	<subfield code="a">Lachenmann</subfield>
	<subfield code="m">Helmut</subfield>
	<subfield code="d">1935-....</subfield>
</datafield>
<datafield tag="144" ind1="1" ind2=" ">
	<subfield code="w">....b.....</subfield>
	<subfield code="a">Mouvement</subfield>
</datafield>
<datafield tag="444" ind1="1" ind2=" ">
	<subfield code="w">....b.....</subfield>
	<subfield code="a">Vor der Erstarrung</subfield>
</datafield>
<datafield tag="600" ind1=" " ind2=" ">
	<subfield code="a">Pièce pour 15 instruments</subfield>
</datafield>
<datafield tag="610" ind1=" " ind2=" ">
	<subfield code="a">Schwankungen am Rand [Enregistrement sonore] / Helmut Lachenmann. ECM new series 1789 461949-2</subfield>
</datafield>
<datafield tag="610" ind1=" " ind2=" ">
	<subfield code="a">Grove</subfield>
	<subfield code="u">www.grovemusic.com</subfield>
	<subfield code="d">2003-06-17</subfield>
</datafield>
<datafield tag="611" ind1=" " ind2=" ">
	<subfield code="a">SDC 12-166577</subfield>
</datafield>
<Attr Nom="IDPerenne">ark:/12148/cb14478906b</Attr>
<Attr Nom="Source" Sens="BnF catalogue général (depuis 1999)">A</Attr>
<Attr Nom="NumAutoriteLiee">13896236</Attr>
<Attr Nom="DateCreation">17/06/ 2003</Attr>
<Attr Nom="ResponsableCreation">BARDON MONIQUE</Attr>
<Attr Nom="StructCreation">29</Attr>
<Attr Nom="DateDerniereValidation">08/11/ 2010</Attr>
<Attr Nom="ResponsableDerniereValidation">MIGV4</Attr>
<Attr Nom="StructPremiereValidation">29</Attr>
<Attr Nom="DatePremiereValidation">17/06/ 2003</Attr>
<Attr Nom="ResponsablePremiereValidation">BARDON MONIQUE</Attr>
<Attr Nom="StructDerniereValidation">1</Attr>
<Attr Nom="NumSource">OPP 14810603</Attr>
</record>
